@electronic {
    frans,
    author ="Frans Pretorius",
    title = "N-body simulations",
    url = "http://physics.princeton.edu/~fpretori/Nbody/"
}

